@Misc{reactjs,   
  title = {ReactJS Documentation},    
  year = {2024},     
  howpublished = {\url{https://legacy.reactjs.org/docs/}},   
  note = {[Online]. Accessed 01 January 2025}, 
}

@Misc{github,
  title = {GitHub Documentation},     
  year = {2024},     
  howpublished = {\url{https://docs.github.com/}}, 
  note = {[Online]. Accessed 01 January 2025}, 
}

@Misc{typescript,
  title = {Typescript Documentation},   
  year = {2024},      
  howpublished = {\url{https://www.typescriptlang.org/docs/handbook/}}, 
  note = {[Online]. Accessed 01 January 2025}, 
}

@Misc{docker,
  title = {The 1st containerization software for developers and teams},    
  year = {2024},     
  howpublished = {\url{https://www.docker.com/products/docker-desktop/}},    
  note = {[Online]. Accessed 01 January 2025},
}

@Misc{nodejs,   
  title = {Node.js Tutorial},      
  year = {2024},   
  howpublished = {\url{https://www.geeksforgeeks.org/nodejs/}}, 
  note = {[Online]. Accessed 01 January 2025},
}

@Misc{mysql,   
  title = {Mysql Tutorial},     
  year = {2025},    
  howpublished = {\url{https://dev.mysql.com/doc/}}, 
  note = {[Online]. Accessed 01 January 2025},
}

@Misc{mongodb,   
  title = {MongoDB Tutorial},   
  year = {2025},      
  howpublished = {\url{https://www.mongodb.com/docs/manual/core/document/}}, 
  note = {[Online]. Accessed 01 January 2025}, 
}

@Misc{nestjs,   
  title = {What Is Nest.JS? Why Should You Use It?},     
  year = {2024},   
  author = {Ashwin Dua}, 
  howpublished = {\url{https://www.turing.com/blog/what-is-nest-js-why-use-it}}, 
  note = {[Online]. Accessed 01 January 2025},
}

@Misc{postman,   
  title = {What is Postman (A Tutorial for Beginners)},     
  year = {2023},   
  file = {:./references/blog-what-is-postman-.html:html},    
  howpublished = {\url{https://apidog.com/blog/what-is-postman/}}, 
  note = {[Online]. Accessed 01 January 2025},
}

@Misc{crc,   
  title = {Class-Responsibility-Collaboration Card},     
  year = {2024},      
  howpublished = {\url{https://www.geeksforgeeks.org/class-responsibility-collaboration-card/}}, 
  note = {[Online]. Accessed 01 January 2025},
}

@Misc{cicd,   
  title = {What is CI/CD? | GitLab},    
  year = {2023},   
  file = {:./references/topics-ci-cd-.html:html},   
  howpublished = {\url{https://about.gitlab.com/topics/ci-cd/}},   
  note = {[Online]. Accessed 01 January 2025},
}

@Misc{microservice,   
  title = {What is CI/CD? | GitLab},    
  year = {2025},
  author = {Azure DevOps},    
  howpublished = {\url{https://learn.microsoft.com/en-us/azure/architecture/microservices/}},
  note = {[Online]. Accessed 01 January 2025},
}

@article{ecg_pcg_ppg,
  author = {Mahmoud M. Bassiouni},
  number = {63-70},
  title = {Combination of ECG and PPG Signals for Healthcare Applications: A Survey},
  volume = {64},
  year = {2021}
}